usage: http://mirrors.ctan.org/biblio/bibtex/base/btxdoc.pdf
       https://en.wikibooks.org/wiki/LaTeX/Bibliography_Management#
       

examples:

@book{latex:companion,
  author    = {Frank Mittelbach and Michel Gossens
               and Johannes Braams and David Carlisle
               and Chris Rowley},
  title     = {The {\LaTeX} Companion},
  year      = {2004},
  edition   = {2},
  isbn      = {978-0201362992},
  publisher = {Addison-Wesley Professional},
  pages     = {5--54,155--168},
  pagetotal = {1120}
}

misc{thenewcode:client-server
  author = "Dudley Storey",
  title  = "the new code - The Client-Server Model",
  year   = "2017",
  url    = "http://thenewcode.com/137/The-Client-Server-Model",
  note   = "Online; accessed 25-September-2022"
}